@online{gmbh_datatactics_nodate,
	title = {{dataTactics} {GmbH} {\textbar} {DataOps} Champions},
	url = {https://www.datatactics.de/},
	author = {{GmbH}, {dataTactics}},
	urldate = {2024-06-15},
	langid = {english},
	file = {Snapshot:C\:\\Users\\nican\\Zotero\\storage\\BX9ZXVY6\\www.datatactics.de.html:text/html},
}

@online{noauthor_home_nodate,
	title = {Home {\textbar} deck.gl},
	url = {https://deck.gl/},
	abstract = {deck.gl},
	urldate = {2024-06-15},
	langid = {english},
	file = {Snapshot:C\:\\Users\\nican\\Zotero\\storage\\EB4P5RLJ\\deck.gl.html:text/html},
}

@online{noauthor_home_2024,
	title = {Home},
	url = {https://camel.apache.org/},
	abstract = {Camel is an open source integration framework that empowers you to quickly and easily integrate various systems consuming or producing data.},
	titleaddon = {Apache Camel},
	urldate = {2024-06-15},
	date = {2024-06-10},
	langid = {english},
}

@online{noauthor_welcome_nodate,
	title = {Welcome to Flask — Flask Documentation (3.0.x)},
	url = {https://flask.palletsprojects.com/en/3.0.x/},
	urldate = {2024-06-15},
}

@online{noauthor_welcome_2024,
	title = {Welcome to Python.org},
	url = {https://www.python.org/},
	abstract = {The official home of the Python Programming Language},
	titleaddon = {Python.org},
	urldate = {2024-06-15},
	date = {2024-06-14},
	langid = {english},
	file = {Snapshot:C\:\\Users\\nican\\Zotero\\storage\\4JNMYRVM\\www.python.org.html:text/html},
}

@online{noauthor_flask-appbuilder_nodate,
	title = {Flask-{AppBuilder} — Flask {AppBuilder}},
	url = {https://flask-appbuilder.readthedocs.io/en/latest/},
	urldate = {2024-06-15},
	file = {Flask-AppBuilder — Flask AppBuilder:C\:\\Users\\nican\\Zotero\\storage\\5KN2DSFX\\latest.html:text/html},
}

@online{noauthor_react_nodate,
	title = {React},
	url = {https://react.dev/},
	abstract = {React is the library for web and native user interfaces. Build user interfaces out of individual pieces called components written in {JavaScript}. React is designed to let you seamlessly combine components written by independent people, teams, and organizations.},
	urldate = {2024-06-15},
	langid = {english},
	file = {Snapshot:C\:\\Users\\nican\\Zotero\\storage\\2A343DIW\\react.dev.html:text/html},
}

@online{noauthor_mantine_nodate,
	title = {Mantine},
	url = {https://mantine.dev/},
	urldate = {2024-06-15},
	langid = {english},
	file = {Snapshot:C\:\\Users\\nican\\Zotero\\storage\\TGH9JLE8\\mantine.dev.html:text/html},
}

@online{noauthor_sqlalchemy_nodate,
	title = {{SQLAlchemy}},
	url = {https://www.sqlalchemy.org},
	abstract = {The Database Toolkit for Python},
	urldate = {2024-06-15},
	langid = {english},
}

@online{noauthor_flask-socketio_nodate,
	title = {Flask-{SocketIO} — Flask-{SocketIO} documentation},
	url = {https://flask-socketio.readthedocs.io/en/latest/},
	urldate = {2024-06-15},
	file = {Flask-SocketIO — Flask-SocketIO documentation:C\:\\Users\\nican\\Zotero\\storage\\9T27SKGN\\latest.html:text/html},
}

@online{noauthor_socketio_nodate,
	title = {Socket.{IO}},
	url = {https://socket.io/},
	urldate = {2024-06-15},
	langid = {english},
}

@online{noauthor_wetter_nodate,
	title = {Wetter und Klima - Deutscher Wetterdienst - Startseite},
	url = {https://www.dwd.de/DE/Home/home_node.html},
	abstract = {Wetter und Klima aus einer Hand: Wetterwarnungen, Wetter, Klima, Biowetter, Agrarwetter, Flugwetter, Seewetter, Klimadaten, Klimakarten, Klimaservices},
	urldate = {2024-06-15},
	langid = {german},
}

@online{noauthor_more_nodate,
	title = {More forms. Less code. - {JSON} Forms},
	url = {https://jsonforms.io/},
	abstract = {More forms. Less code.},
	urldate = {2024-06-15},
	langid = {english},
}
